<record><leader>03232nam a2200649 i 4500</leader><controlfield tag="001">6774364</controlfield><controlfield tag="003">CaPaEBR</controlfield><controlfield tag="006">m     o  d        </controlfield><controlfield tag="007">cr cn|||||||||</controlfield><controlfield tag="008">140901t20152015gw a    ob    001 0 eng d</controlfield><datafield ind1=" " ind2=" " tag="020"><subfield code="z">9783527336388</subfield></datafield><datafield ind1=" " ind2=" " tag="020"><subfield code="a">9783527676149 (e-book)</subfield></datafield><datafield ind1=" " ind2=" " tag="020"><subfield code="a">9783527676156 (e-book)</subfield></datafield><datafield ind1=" " ind2=" " tag="020"><subfield code="a">9783527676163 (e-book)</subfield></datafield><datafield ind1=" " ind2=" " tag="035"><subfield code="a">ocn891398113</subfield></datafield><datafield ind1=" " ind2=" " tag="039"><subfield code="a">exclude</subfield></datafield><datafield ind1=" " ind2=" " tag="040"><subfield code="a">CaPaEBR</subfield><subfield code="b">eng</subfield><subfield code="e">rda</subfield><subfield code="e">pn</subfield><subfield code="c">CaPaEBR</subfield><subfield code="d">AEU</subfield></datafield><datafield ind1="1" ind2="4" tag="050"><subfield code="a">RA761</subfield><subfield code="b">.N684 2015eb</subfield></datafield><datafield ind1="0" ind2="4" tag="082"><subfield code="a">614.48</subfield><subfield code="2">23</subfield></datafield><datafield ind1=" " ind2=" " tag="090"><subfield code="a">Internet Access</subfield><subfield code="b">AEC</subfield></datafield><datafield ind1=" " ind2=" " tag="090"><subfield code="a">Internet Access</subfield><subfield code="b">AGPC</subfield></datafield><datafield ind1=" " ind2=" " tag="090"><subfield code="a">Internet Access</subfield><subfield code="b">AEGMCT</subfield></datafield><datafield ind1=" " ind2=" " tag="090"><subfield code="a">Internet Access</subfield><subfield code="b">ARDC</subfield></datafield><datafield ind1=" " ind2=" " tag="090"><subfield code="a">Internet Access</subfield><subfield code="b">AEU</subfield></datafield><datafield ind1="0" ind2="0" tag="245"><subfield code="a">Novel antimicrobial agents and strategies /</subfield><subfield code="c">edited by David A. Phoenix, Frederick Harris and Sarah R. Dennison ; contributors Waqar Ahmed [and thirty one others].</subfield></datafield><datafield ind1=" " ind2="1" tag="264"><subfield code="a">Weinheim, Germany :</subfield><subfield code="b">Wiley-VCH,</subfield><subfield code="c">2015.</subfield></datafield><datafield ind1=" " ind2="4" tag="264"><subfield code="c">&#169;2015</subfield></datafield><datafield ind1=" " ind2=" " tag="300"><subfield code="a">1 online resource (439 pages) :</subfield><subfield code="b">illustrations, tables</subfield></datafield><datafield ind1=" " ind2=" " tag="336"><subfield code="a">text</subfield><subfield code="2">rdacontent</subfield></datafield><datafield ind1=" " ind2=" " tag="337"><subfield code="a">computer</subfield><subfield code="b">c</subfield><subfield code="2">rdamedia</subfield></datafield><datafield ind1=" " ind2=" " tag="338"><subfield code="a">online resource</subfield><subfield code="b">cr</subfield><subfield code="2">rdacarrier</subfield></datafield><datafield ind1=" " ind2=" " tag="504"><subfield code="a">Includes bibliographical references at the end of each chapters and index.</subfield></datafield><datafield ind1=" " ind2=" " tag="506"><subfield code="a">Access restricted to authorized users and institutions.</subfield></datafield><datafield ind1=" " ind2=" " tag="588"><subfield code="a">Description based on online resource; title from PDF title page (ebrary, viewed August 30, 2014).</subfield></datafield><datafield ind1=" " ind2=" " tag="596"><subfield code="a">21 35 44 57 60</subfield></datafield><datafield ind1=" " ind2="0" tag="650"><subfield code="a">Disinfection and disinfectants.</subfield></datafield><datafield ind1=" " ind2="0" tag="650"><subfield code="a">Anti-infective agents.</subfield></datafield><datafield ind1=" " ind2="0" tag="650"><subfield code="a">Sterilization.</subfield></datafield><datafield ind1="1" ind2=" " tag="700"><subfield code="a">Phoenix, David A.,</subfield><subfield code="e">editor.</subfield></datafield><datafield ind1="1" ind2=" " tag="700"><subfield code="a">Harris, Frederick,</subfield><subfield code="e">editor.</subfield></datafield><datafield ind1="1" ind2=" " tag="700"><subfield code="a">Dennison, Sarah R.,</subfield><subfield code="e">editor.</subfield></datafield><datafield ind1="1" ind2=" " tag="700"><subfield code="a">Ahmed, Waqar,</subfield><subfield code="e">contributor.</subfield></datafield><datafield ind1="4" ind2="0" tag="856"><subfield code="3">Concordia University of Edmonton Access</subfield><subfield code="u">http://site.ebrary.com/lib/concordiaab/Doc?id=10909201</subfield><subfield code="z">from ebrary</subfield></datafield><datafield ind1="4" ind2="0" tag="856"><subfield code="3">Grande Prairie Regional College Access</subfield><subfield code="u">http://ezproxy.agpc.talonline.ca:80/login?url=http://site.ebrary.com/lib/gprc/Doc?id=10909201</subfield><subfield code="z">from ebrary</subfield></datafield><datafield ind1="4" ind2="0" tag="856"><subfield code="3">MacEwan University Access</subfield><subfield code="u">http://site.ebrary.com/lib/macewan/Doc?id=10909201</subfield><subfield code="z">(Unlimited Concurrent Users)</subfield><subfield code="z">from ebrary</subfield></datafield><datafield ind1="4" ind2="0" tag="856"><subfield code="3">Red Deer College Access</subfield><subfield code="u">http://site.ebrary.com/lib/rdcollege/Doc?id=10909201</subfield><subfield code="z">from ebrary</subfield></datafield><datafield ind1="4" ind2="0" tag="856"><subfield code="3">University of Alberta Access</subfield><subfield code="u">http://dx.doi.org/10.1002/9783527676132</subfield><subfield code="z">(Unlimited Concurrent Users)</subfield></datafield><datafield ind1=" " ind2=" " tag="949"><subfield code="h">UAIN</subfield><subfield code="m">CONCORDIA</subfield><subfield code="z">EBRARYACCN</subfield></datafield><datafield ind1=" " ind2=" " tag="949"><subfield code="h">UAIN</subfield><subfield code="m">GPRC_INT</subfield><subfield code="z">EBRARYACGP</subfield></datafield><datafield ind1=" " ind2=" " tag="949"><subfield code="h">UAIN</subfield><subfield code="m">GR_MAC_INT</subfield><subfield code="z">EBRARYACGM</subfield></datafield><datafield ind1=" " ind2=" " tag="949"><subfield code="h">UAIN</subfield><subfield code="m">RED_DEER_C</subfield><subfield code="z">EBRARYACRD</subfield></datafield><datafield ind1=" " ind2=" " tag="919"><subfield code="a">ebr10909201</subfield></datafield><datafield ind1=" " ind2=" " tag="926"><subfield code="a">Internet Access</subfield><subfield code="w">LC</subfield><subfield code="c">1</subfield><subfield code="i">6774364-1001</subfield><subfield code="l">INTERNET</subfield><subfield code="m">UAINTERNET</subfield><subfield code="r">Y</subfield><subfield code="s">Y</subfield><subfield code="t">E-RESOURCE</subfield><subfield code="u">1/12/2015</subfield><subfield code="x">E-BOOK</subfield><subfield code="z">WILEYOL</subfield></datafield><datafield ind1=" " ind2=" " tag="926"><subfield code="a">Internet Access</subfield><subfield code="w">LC</subfield><subfield code="c">1</subfield><subfield code="i">6774364-2001</subfield><subfield code="k">DISCARD</subfield><subfield code="l">INTERNET</subfield><subfield code="m">CONCORDIA</subfield><subfield code="r">Y</subfield><subfield code="s">Y</subfield><subfield code="t">E-RESOURCE</subfield><subfield code="u">1/6/2016</subfield><subfield code="x">E-BOOK</subfield><subfield code="z">EBRARYACCN</subfield></datafield><datafield ind1=" " ind2=" " tag="926"><subfield code="a">Internet Access</subfield><subfield code="w">LC</subfield><subfield code="c">1</subfield><subfield code="i">6774364-3001</subfield><subfield code="k">DISCARD</subfield><subfield code="l">INTERNET</subfield><subfield code="m">GPRC_INT</subfield><subfield code="r">Y</subfield><subfield code="s">Y</subfield><subfield code="t">E-RESOURCE</subfield><subfield code="u">1/6/2016</subfield><subfield code="x">E-BOOK</subfield><subfield code="z">EBRARYACGP</subfield></datafield><datafield ind1=" " ind2=" " tag="926"><subfield code="a">Internet Access</subfield><subfield code="w">LC</subfield><subfield code="c">1</subfield><subfield code="i">6774364-4001</subfield><subfield code="k">DISCARD</subfield><subfield code="l">INTERNET</subfield><subfield code="m">GR_MAC_INT</subfield><subfield code="r">Y</subfield><subfield code="s">Y</subfield><subfield code="t">E-RESOURCE</subfield><subfield code="u">1/6/2016</subfield><subfield code="x">E-BOOK</subfield><subfield code="z">EBRARYACGM</subfield></datafield><datafield ind1=" " ind2=" " tag="926"><subfield code="a">Internet Access</subfield><subfield code="w">LC</subfield><subfield code="c">1</subfield><subfield code="i">6774364-5001</subfield><subfield code="k">DISCARD</subfield><subfield code="l">INTERNET</subfield><subfield code="m">RED_DEER_C</subfield><subfield code="r">Y</subfield><subfield code="s">Y</subfield><subfield code="t">E-RESOURCE</subfield><subfield code="u">1/6/2016</subfield><subfield code="x">E-BOOK</subfield><subfield code="z">EBRARYACRD</subfield></datafield></record>